@article{simplextree,
  title={The simplex tree: An efficient data structure for general simplicial complexes},
  author={Boissonnat, Jean-Daniel and Maria, Cl{\'e}ment},
  journal={Algorithmica},
  volume={70},
  pages={406--427},
  year={2014},
  publisher={Springer}
}

@misc{new_vr,
      title={A New Construction of the Vietoris-Rips Complex}, 
      author={Antonio Rieser},
      year={2024},
      eprint={2301.07191},
      archivePrefix={arXiv},
      primaryClass={math.CO},
      url={https://arxiv.org/abs/2301.07191}, 
}

@article{parallelreduce,
  title={Computing persistent homology in parallel with a functional language},
  author={von Br{\"o}mssen, Erik},
  year={2021}
}

@article{doubletwist,
  title={Computing Representatives of Persistent Homology Generators with a Double Twist},
  author={Pham, Tuyen and Wagner, Hubert},
  journal={arXiv preprint arXiv:2403.04100},
  year={2024}
}

@inproceedings{twist,
  title={Persistent homology computation with a twist},
  author={Chen, Chao and Kerber, Michael},
  booktitle={Proceedings 27th European workshop on computational geometry},
  volume={11},
  pages={197--200},
  year={2011}
}

@article{bittreecolumn,
  title={Phat--persistent homology algorithms toolbox},
  author={Bauer, Ulrich and Kerber, Michael and Reininghaus, Jan and Wagner, Hubert},
  journal={Journal of symbolic computation},
  volume={78},
  pages={83--84},
  year={2017},
  publisher={Elsevier}
}

@software{catch2,
  title={Catch2},
  author={Catch Org},
  url={https://github.com/catchorg/Catch2},
  version={3.5.4},
  year={2025},
}

@software{eigen,
  title={Eigen v3},
  author={Ga\"{e}l Guennebaud and Beno\^{i}t Jacob and others},
  url={http://eigen.tuxfamily.org},
  version={3.4.0},
  year={2010}
}

@software{spectra,
  title={Spectra},
  author={Yixuan Qiu},
  url={https://github.com/yixuan/spectra},
  version={1.1.0},
  year={2025},
}

@software{onetbb,
  title={{oneTBB}},
  author={Unified Acceleration Foundation},
  url={https://github.com/uxlfoundation/oneTBB},
  version={2022.1.0},
  year={2025},
}

@article{bithacks,
  title={Bit Twiddling Hacks},
  author={Sean Eron Anderson},
  url={http://graphics.stanford.edu/~seander/bithacks.html},
  year={2005},
  note={(дата обр. 29.04.2025)}
}

@misc{harmonicholes,
  title={Harmonic holes as the submodules of brain network and network dissimilarity}, 
  author={Hyekyoung Lee and Moo K. Chung and Hongyoon Choi and Hyejin Kang and Seunggyun Ha and Yu Kyeong Kim and Dong Soo Lee},
  year={2018},
  eprint={1811.04355},
  archivePrefix={arXiv},
  primaryClass={q-bio.QM},
  url={https://arxiv.org/abs/1811.04355}, 
}

@inproceedings{laplacianmatrix,
  title={Harmonic holes as the submodules of brain network and network dissimilarity},
  author={Lee, Hyekyoung and Chung, Moo K and Choi, Hongyoon and Kang, Hyejin and Ha, Seunggyun and Kim, Yu Kyeong and Lee, Dong Soo},
  booktitle={Computational Topology in Image Context: 7th International Workshop, CTIC 2019, M{\'a}laga, Spain, January 24-25, 2019, Proceedings 7},
  pages={110--122},
  year={2019},
  organization={Springer}
}
